% How to cite webpage: https://tex.stackexchange.com/questions/3587/how-can-i-use-bibtex-to-cite-a-web-page
@misc{1,
  title = {data-by-day},
  author = {{NYC Health}},
  howpublished = {\url{https://github.com/nychealth/coronavirus-data/blob/master/trends/data-by-day.csv}},
  note = {Accessed: 2022-08-14}
}
@misc{2,
  title = {NYC’s cabbie workforce down 75 percent amid COVID-19 — but Uber, Lyft on upswing},
  author = {{David Meyer}},
  howpublished = {\url{https://nypost.com/2020/07/29/nyc-cab-drivers-down-75-percent-amid-covid-19-but-uber-lyft-on-upswing/}},
  note = {Accessed: 2020-07-29}
}
@misc{3,
  title={yellow taxi trip records},
  author={NYC},
  howpublished ={\url{https://www1.nyc.gov/site/tlc/about/tlc-trip-record-data.page}}
}
@misc{4,
  title = {taxi fare},
  author = {{NYC}},
  howpublished = {\url{https://www1.nyc.gov/site/tlc/passengers/taxi-fare.page}},
}